@manual{runnels2024,
    title           = {Lab Assignment 1},
    author          = {Brandon Runnels},
    year            = {2024},
    organization    = {Iowa State University},
    note            = {Unpublished laboratory manual},
}